@Book{goos07,
  author    = {Goossens, Michel and Mittelbach, Frank and Rahtz, Sebastian and Roeget, Denis and Vo{\ss}, Herbert},
  publisher = {Addison-Wesley Reading, MA},
  title     = {The {\LaTeX{}} graphics companion},
  year      = {2007},
  edition   = {Second},
  isbn      = {9780321508928},
  note      = {{ISBN:} 9780321508928},
  langid    = {spanish},
  language  = {english},
}

@Book{lamport94,
  author    = {Lamport, Leslie},
  publisher = {Addison-Wesley},
  title     = {{\LaTeX}: A document preparation system},
  year      = {1994},
  edition   = {Second},
  isbn      = {978-0201529838},
  month     = jun,
  note      = {{ISBN}: 978-0201529838},
  ean       = {9780201529838},
  langid    = {spanish},
  language  = {english},
  pagetotal = {272},
  url       = {https://www.ebook.de/de/product/3236600/leslie_lamport_latex_a_document_preparation_system.html},
}

@Misc{salido10,
  author       = {Jesús Salido},
  howpublished = {{URL:} \url{http://visilab.etsii.uclm.es/?page_id=1468}},
  note         = {Último acceso: sep. 2021},
  title        = {Curso: {\LaTeX{}} esencial para preparación de TFG, Tesis y otros documentos académicos},
  year         = {2010},
  langid       = {spanish},
  language     = {spanish},
  organization = {Universidad de Castilla-La Mancha},
  urldate      = {2017-02-12},
}

@Misc{wikibookLaTex10,
  author       = {WikiMedia},
  howpublished = {{URL:} \url{http://en.wikibooks.org/wiki/LaTeX}},
  note         = {Último acceso: sep. 2021},
  title        = {{\LaTeX{} Wikibook}},
  year         = {2010},
  langid       = {spanish},
  language     = {english},
  url          = {http://en.wikibooks.org/wiki/LaTeX},
  urldate      = {2017-02-02},
}

@Book{cascales03,
  author    = {Cascales, Bernardo and Lucas, Pascual and Mira, José M. and Pallarés, Antonio J. and {Sánchez-Pedreño}, Salvador},
  publisher = {Pearson Education},
  title     = {El libro de {\LaTeX}},
  year      = {2005},
  isbn      = {9788420537795},
  note      = {{ISBN}: 9788420537795},
  langid    = {spanish},
  language  = {spanish},
  location  = {Madrid},
}

@Manual{oetiker14,
  title     = {La introducción no-tan-corta a {\LaTeX2e}},
  author    = {Tobias Oetiker and Hubert Partl and Irene Hyna and Elisabeth Schlegl},
  note      = {{URL: } \url{http://www.ctan.org/tex-archive/info/lshort/spanish/}},
  year      = {2014},
  langid    = {spanish},
  language  = {spanish},
  timestamp = {2021-02-24},
  url       = {http://www.ctan.org/tex-archive/info/lshort/spanish/},
  version   = {5.03},
}

@Book{borbon21,
  author       = {Alexánder Borbón and Walter Mora},
  publisher    = {Instituto Tecnológico de Costa Rica},
  title        = {Edición de textos científicos con {\LaTeX{}}. {C}omposición, diseño editorial, gráficos, {I}nkscape, {T}ikz y presentaciones {B}eamer},
  year         = {2021},
  edition      = {2},
  isbn         = {978-9977-66-227-5},
  date         = {2021},
  langid       = {spanish},
  language     = {spanish},
  origlanguage = {Spanish},
  timestamp    = {2021-04-14},
  url          = {https://tecdigital.tec.ac.cr/revistamatematica/Libros/LaTeX/MoraW_BorbonA_LibroLaTeX.pdf},
}

@Misc{zozaya17,
  author       = {Leonor Zozaya},
  howpublished = {Blog disponible en {URL:} \url{http://redaccion.hypotheses.org/}},
  note         = {{ISSN}: 2444-8885},
  title        = {Redacción de textos. Recomendaciones para presentar trabajos académicos},
  year         = {2017},
  langid       = {spanish},
  language     = {spanish},
  timestamp    = {2021-04-08},
  url          = {http://redaccion.hypotheses.org/},
  urldate      = {2019-06-21},
}

@Misc{dawson00,
  author       = {Dawson, Christian W. and Martín, Gregorio},
  howpublished = {{URL:} \url{http://informatica.uv.es/iiguia/2000/IPI/libro.htm}},
  note         = {Último acceso: sep. 2021},
  title        = {El proyecto en ingeniería informática: Una guía para el estudiante},
  year         = {2000},
  date         = {2002},
  editor       = {Universitat de València},
  langid       = {spanish},
  language     = {spanish},
  url          = {http://informatica.uv.es/iiguia/2000/IPI/libro.htm},
  urldate      = {2019-07-15},
}

@Misc{uclm20,
  author       = {{Servicio de publicaciones UCLM}},
  howpublished = {{D}ocumentos elaborados por el {G}rupo de {G}estión del {C}onocimiento y {P}ropiedad {I}ntelectual de la {Universidad de Castilla-La Mancha}. {URL:} \url{https://e.uclm.es/servicios/doc/?id=UCLMDOCID-12-739}},
  note         = {Último acceso: feb. 2024},
  title        = {Propiedad intelectual},
  editor       = {Universidad de Castilla-La Mancha},
  langid       = {spanish},
  language     = {spanish},
}

@Book{mittelbach04,
  author    = {Mittelbach, Frank and Goossens, Michel},
  publisher = {Addison},
  title     = {The {\LaTeX{}} companion},
  year      = {2004},
  address   = {Reading, Mass},
  edition   = {Second},
  isbn      = {0-201-36299-6},
  note      = {{ISBN:} 0-201-36299-6},
  langid    = {spanish},
  language  = {english},
  owner     = {Jesus.Salido},
  timestamp = {2021-04-08},
}

@Book{grat07,
  author    = {Grätzer, George A.},
  publisher = {Birkhauser},
  title     = {More math into {\LaTeX}},
  year      = {2007},
  edition   = {Fourth},
  isbn      = {978-3319237954},
  note      = {{ISBN}: 978-3319237954},
  langid    = {spanish},
  language  = {english},
  owner     = {Jesus.Salido},
  timestamp = {2021-04-08},
}

@Book{grat99,
  author    = {Grätzer, George A.},
  publisher = {Springer Verlag},
  title     = {First steps in {\LaTeX}},
  year      = {1999},
  isbn      = {0817641327},
  month     = oct,
  note      = {{ISBN:} 0817641327},
  ean       = {9780817641320},
  langid    = {spanish},
  language  = {english},
  owner     = {Jesus.Salido},
  pagetotal = {131},
  timestamp = {2021-04-08},
  url       = {https://www.ebook.de/de/product/3335783/george_graetzer_first_steps_in_latex.html},
}

@Misc{uc3m21,
  author       = {{Universidad Carlos III de Madrid}},
  howpublished = {{URL:} \url{https://uc3m.libguides.com/TFG}},
  note         = {Último acceso: sep-2021},
  title        = {Guía temática del {TFG}},
  year         = {2021},
  date         = {2021-03-15},
  editor       = {{Universidad Carlos III de Madrid}},
  langid       = {spanish},
  language     = {spanish},
  timestamp    = {2021-04-08},
  url          = {https://uc3m.libguides.com/TFG},
  urldate      = {2021-04-08},
}

@Misc{esi19,
  author       = {{Escuela Superior de Informática, Universidad de Castilla-La Mancha}},
  howpublished = {{URL:} \url{https://pruebasaluuclm.sharepoint.com/sites/esicr/tfg/SiteAssets/SitePages/Inicio/20190304-GuiaEstiloFormatoTFG.pdf}},
  month        = mar,
  note         = {Último acceso: sep. 2021},
  title        = {Guía de estilo y formato para {T}rabajos {F}in de {G}rado},
  year         = {2019},
  url          = {https://pruebasaluuclm.sharepoint.com/sites/esicr/tfg/SiteAssets/SitePages/Inicio/20190304-GuiaEstiloFormatoTFG.pdf},
}

@Misc{uoc,
  author       = {{Universitat Oberta de Catalunya}},
  howpublished = {{URL:} \url{https://www.uoc.edu/portal/es/servei-linguistic/redaccio/10-recomanacions/index.html}},
  note         = {Último acceso: sep. 2021},
  title        = {Comunicación eficaz y redacción},
}

@Misc{salido19,
  author       = {Jesús Salido},
  howpublished = {Zenodo, DOI: \url{https://doi.org/10.5281/zenodo.4561708}},
  title        = {{Plantilla LaTeX para Trabajo Fin de Estudios en Ingeniería Informática - UCLM (España)}},
  year         = {2019},
  doi          = {10.5281/zenodo.4561708},
  organization = {Universidad de Castilla-La Mancha},
}

@Misc{unican18,
  author       = {{Universidad de Cantabria}},
  howpublished = {Artículo técnico disponible en {URL:} \url{https://web.unican.es/buc/Documents/Formacion/guia_imagenes.pdf}},
  note         = {Último acceso: sep. 2021},
  title        = {Cómo usar imágenes en trabajos},
  year         = {2018},
  editor       = {Universidad de Cantabria},
  langid       = {spanish},
  language     = {spanish},
  url          = {https://web.unican.es/buc/Documents/Formacion/guia_imagenes.pdf},
  urldate      = {2019-07-15},
}

@Article{Vijayasarathy16,
  author    = {Leo R. Vijayasarathy and Charles W. Butler},
  journal   = {{IEEE} Software},
  title     = {{Choice of Software Development Methodologies: Do Organizational, Project, and Team Characteristics Matter?}},
  year      = {2016},
  month     = sep,
  note      = {{DOI:} \url{https://doi.org/10.1109/ms.2015.26}},
  number    = {5},
  pages     = {86--94},
  volume    = {33},
  doi       = {10.1109/ms.2015.26},
  publisher = {Institute of Electrical and Electronics Engineers ({IEEE})},
}

@Misc{Brown22,
  author       = {Simon Brown},
  howpublished = {{URL}: \url{https://c4model.com/}},
  note         = {Último acceso: 19 feb. 2024},
  title        = {The {C4} model for visualising software architecture},
  year         = {2022},
  url          = {https://c4model.com/},
}

@Misc{Appelbaum22,
  author       = {Appelbaum, Brook},
  howpublished = {{URL: }\url{https://blog.planview.com/top-6-software-development-methodologies}},
  month        = sep,
  note         = {Último acceso 26 feb. 2024},
  title        = {Top 6 Software Development Methodologies},
  year         = {2022},
  journal      = {Planview Blog},
  url          = {https://blog.planview.com/top-6-software-development-methodologies},
}

@article{AIRise,
  title={Rise of artificial intelligence in business and industry},
  author={Bharadiya, Jasmin Praful and Thomas, Reji Kurien and Ahmed, Farhan},
  journal={Journal of Engineering Research and Reports},
  volume={25},
  number={3},
  pages={85--103},
  year={2023},
  url={https://d1wqtxts1xzle7.cloudfront.net/103844778/1776-libre.pdf?1687972946=&response-content-disposition=inline%3B+filename%3DRise_of_Artificial_Intelligence_in_Busin.pdf&Expires=1749207735&Signature=gKPwxlnIPPod4o4Ls63UmuV9e5sAoNlFOTrDjgaDnPZ4IXLr1-utIYgvvxWV6xsLmT8c-ToINpknLgFguWCJhEtRDY~DDwLfUoZ634T5yTBUP3YoLE2R5nCXKL8Itd9RQHSW9donwc81uvhc-j1wQ04sjdH53t1AjEHlSFRWnZ2bmnJZpIVLjXcdo-G4n~xDfOwcAOEV334xmhyL7X4lGGAuTjBozzy~ceB~Eit-GXOWLp~g7~45JnRF33Sf-HyXBHjP5Q~fuFSpvyyRMvRTPsren6zP0CX4PzYkN7J5KxPWNIs~o1TKINeuaKja9pwfSVXXK6HVp55c8sGpg9RQfw__&Key-Pair-Id=APKAJLOHF5GGSLRBV4ZA}
}

@article{UBOTICACS6,
  title={The Next Era for Earth Observation Spacecraft: An Overview of CogniSAT-6},
  author={Rijlaarsdam, David and Hendrix, Tom and Gonz{\'a}lez, Pablo T Toledano and Velasco-Mata, Alberto and Buckley, L{\'e}onie and Miquel, Juan Puig and Casaled, Oriol Aragon and Dunne, Aubrey},
  journal={IEEE Journal of Selected Topics in Applied Earth Observations and Remote Sensing},
  year={2024},
  publisher={IEEE}
}

@article{AIHistory,
  title={A brief history of artificial intelligence: On the past, present, and future of artificial intelligence},
  author={Haenlein, Michael and Kaplan, Andreas},
  journal={California management review},
  volume={61},
  number={4},
  pages={5--14},
  year={2019},
  publisher={SAGE Publications Sage CA: Los Angeles, CA}
}


@article{GPT4,
  title={Gpt-4 technical report},
  author={Achiam, Josh and Adler, Steven and Agarwal, Sandhini and Ahmad, Lama and Akkaya, Ilge and Aleman, Florencia Leoni and Almeida, Diogo and Altenschmidt, Janko and Altman, Sam and Anadkat, Shyamal and others},
  journal={arXiv preprint arXiv:2303.08774},
  year={2023}
}

@article{MLflow,
  title={Accelerating the machine learning lifecycle with MLflow.},
  author={Zaharia, Matei and Chen, Andrew and Davidson, Aaron and Ghodsi, Ali and Hong, Sue Ann and Konwinski, Andy and Murching, Siddharth and Nykodym, Tomas and Ogilvie, Paul and Parkhe, Mani and others},
  journal={IEEE Data Eng. Bull.},
  volume={41},
  number={4},
  pages={39--45},
  year={2018}
}


@article{DDS,
  title={Dataset definition standard (dds)},
  author={Cappi, Cyril and Chapdelaine, Camille and Gardes, Laurent and Jenn, Eric and Lefevre, Baptiste and Picard, Sylvaine and Soumarmon, Thomas},
  journal={arXiv preprint arXiv:2101.03020},
  year={2021}
}

@online{DatasetIBM,
  author = {{IBM}},
  title = {What is a dataset?},
  howpublished = {{URL:} \url{https://www.ibm.com/think/topics/dataset}},
  url = {https://www.ibm.com/think/topics/dataset#:~:text=A%20dataset%20is%20a%20collection,that%20require%20reliable%2C%20accessible%20data.},
  urldate = {2025-06-11},
  organization = {{IBM}},
  year = {2024} 
}

@book{introml,
  title={Introduction to machine learning},
  author={Alpaydin, Ethem},
  year={2020},
  publisher={MIT press}
}

@book{confmanagement,
  title={Configuration management principles and practice},
  author={Hass, Anne Mette Jonassen},
  year={2003},
  publisher={Addison-Wesley Professional}
}

@online{assemblagitlfs,
title={Git LFS: The Pocketbook Explanation},
author= {Claudia F.},
howpublished= {{URL:} \url{https://get.assembla.com/blog/git-lfs/}},
url = {https://get.assembla.com/blog/git-lfs/},
year = {2024}
}

@online{dvcdocs,
title={DVC official Documentation},
author = {The DVC Team},
howpublished = {{Available at URL:} \url{https://dvc.org/doc}},
url = {https://dvc.org/doc},
year = {2025}
}

@online{mlflowdocs,
title={MLFlow Official Documentation},
author= {The MLFlow Team},
howpublished= {{Available at URL:} \url{https://mlflow.org/docs/latest/ml/}},
url = {https://mlflow.org/docs/latest/ml/},
year = 2025
}
@online{mlflowtracking,
  title={MLFlow Tracking},
  author = {The MLFlow Team},
  howpublished={{URL:} \url{https://mlflow.org/docs/latest/ml/tracking}},
  url = {https://mlflow.org/docs/latest/ml/tracking},
  year = {2024}
}

@online{dvcoverview,
  title={Crowdbotics Blog - Data Version Control Explained},
  author= {Nimra E.},
  url={https://crowdbotics.com/posts/blog/data-version-control-explained/},
  year= {2021}
}

@online{mlflowproscons,
  title={A Comprehensive Guide to MLflow: What It Is, Its Pros and Cons, and How to Use It in Your Python Projects},
  url={https://medium.com/@ab.vancouver.canada/a-comprehensive-guide-to-mlflow-what-it-is-its-pros-and-cons-and-how-to-use-it-in-your-python-468af13468c6},
  author = {Anna},
  year = {2024}
}

@online{neptunedocs,
  title={Neptune.ai Official Documentation},
  author = {The Neptune.ai Team},
  url = {https://docs.neptune.ai},
  howpublished= {{Available at URL: }\url{https://docs.neptune.ai/}},
  year= {2025}
}

@online{neptuneproscons,
  title={Neptune product reviews},
  author={G2 users},
  url = {https://www.g2.com/products/neptune-ai/reviews?utf8=%E2%9C%93&filters%5Bsentiment_snippet%5D=516376#reviews},
  howpublished={{URL: }\url{https://www.g2.com/products/neptune-ai/reviews?utf8=%E2%9C%93&filters%5Bsentiment_snippet%5D=516376#reviews}},
  year = {2025}
}

@book{soc2,
  title={{Guide: SOC 2 Reporting on an Examination of Controls at a Service Organization Relevant to Security, Availability, Processing Integrity, Confidentiality, or Privacy}},
  author={Guides, Industry},
  year = {2018}
}

@online{cometmldocs,
  title={Comet.ml Official Documentation},
  author= {The Comet.ml Team},
  howpublished= {{Available at URL: }\url{https://www.comet.com/docs/v2/}},
  url= {https://www.comet.com/docs/v2/},
  year= {2025}
}

@online{cometmlproscons,
  title={Comet.ml product reviews},
  author={G2 users},
  howpublished={{URL: }\url{https://www.g2.com/products/comet-ml/reviews}},
  year = {2025},
  url={https://www.g2.com/products/comet-ml/reviews}
}

@online{wandbprosandcons,
  title={Machine Learning Tools Comparison},
  author={Wojciech Prażuch},
  howpublished={{URL: }\url{https://www.netguru.com/blog/machine-learning-tools-comparison}},
  url={https://www.netguru.com/blog/machine-learning-tools-comparison},
  year={2025}
}

@article{dsdmintro,
  title={A quality software process for rapid application development},
  author={Coleman, Gerry and Verbruggen, Renaat},
  journal={Software Quality Journal},
  volume={7},
  pages={107--122},
  year={1998},
  publisher={Springer}
}

@article{agileplanning,
  title={Agile software development methods: Review and analysis},
  author={Abrahamsson, Pekka and Salo, Outi and Ronkainen, Jussi and Warsta, Juhani},
  journal={arXiv preprint arXiv:1709.08439},
  year={2017}
}

@article{dsdmtechniques,
  title={A review on software development security engineering using dynamic system method (DSDM)},
  author={Sani, Abdullahi and Firdaus, Adila and Jeong, Seung Ryul and Ghani, Imran},
  journal={International Journal of Computer Applications},
  volume={69},
  number={25},
  year={2013},
  publisher={Foundation of Computer Science}
}

@online{moscow,
  title= {MoSCoW Prioritization},
  author= {Airfocus},
  url= {https://airfocus.com/glossary/what-is-moscow-prioritization},
  howpublished={{URL: } \url{https://airfocus.com/glossary/what-is-moscow-prioritization}},
  date={June 2025}
}

@book{prototyping,
  title={Prototyping-oriented software development: Concepts and tools},
  author={Bischofberger, Walter R and Pomberger, Gustav},
  year={2012},
  publisher={Springer Science \& Business Media}
}

@online{microsoftmlflow,
  title= {Integrate MLflow and Ray},
  author= {Microsoft},
  howpublished= {{URL: }\url{https://learn.microsoft.com/en-us/azure/databricks/machine-learning/ray/ray-mlflow}},
  year= {2025},
  url={https://learn.microsoft.com/en-us/azure/databricks/machine-learning/ray/ray-mlflow}
}

@online{mediumwix,
  title= {Watch: Introducing MLflow and Wix's Internal Machine Learning Platform},
  author= {Wix Engineering},
  year= {2020},
  howpublished= {{Medium story available at URL: }\url{https://medium.com/wix-engineering/watch-introducing-mlflow-wixs-internal-machine-learning-platform-ad9227d85cac}},
  url= {https://medium.com/wix-engineering/watch-introducing-mlflow-wixs-internal-machine-learning-platform-ad9227d85cac}}

@article{edgeimpulse,
  title={Edge impulse: An mlops platform for tiny machine learning},
  author={Hymel, Shawn and Banbury, Colby and Situnayake, Daniel and Elium, Alex and Ward, Carl and Kelcey, Mat and Baaijens, Mathijs and Majchrzycki, Mateusz and Plunkett, Jenny and Tischler, David and others},
  journal={arXiv preprint arXiv:2212.03332},
  year={2022}
}

@online{edgeimpulsedocs,
  title={What is Edge Impulse?},
  author={Edge Impulse},
  howpublished={{Documentation available at URL: }\url{https://docs.edgeimpulse.com/docs/concepts/edge-ai-fundamentals/what-is-edge-impulse}},
  url={https://docs.edgeimpulse.com/docs/concepts/edge-ai-fundamentals/what-is-edge-impulse},
  date={June, 2025}
  }

@online{semanticversioning,
  title={Semantic Versioning 2.0. 0},
  author={Preston-Werner, Tom and others},
  howpublished = {{Available at URL:} \url{https://semver.org/}},
  url={https://semver.org/},
  year={2013}
}
@Comment{jabref-meta: databaseType:bibtex;}
